%% This BibTeX bibliography file was created using BibDesk.
%% http://bibdesk.sourceforge.net/


%% Created for Ture, Ferhan (Contractor) at 2015-10-15 08:06:46 -0400 


%% Saved with string encoding Unicode (UTF-8) 



@inproceedings{Bendersky:2010aa,
	Acmid = {1718492},
	Address = {New York, NY, USA},
	Author = {Bendersky, Michael and Metzler, Donald and Croft, W. Bruce},
	Booktitle = {Proceedings of the Third ACM International Conference on Web Search and Data Mining},
	Date-Added = {2015-10-12 15:15:56 +0000},
	Date-Modified = {2015-10-12 15:15:58 +0000},
	Doi = {10.1145/1718487.1718492},
	Isbn = {978-1-60558-889-6},
	Keywords = {query concept weighting, weighted dependence model},
	Location = {New York, New York, USA},
	Numpages = {10},
	Pages = {31--40},
	Publisher = {ACM},
	Series = {WSDM '10},
	Title = {Learning Concept Importance Using a Weighted Dependence Model},
	Url = {http://doi.acm.org/10.1145/1718487.1718492},
	Year = {2010},
	Bdsk-Url-1 = {http://doi.acm.org/10.1145/1718487.1718492},
	Bdsk-Url-2 = {http://dx.doi.org/10.1145/1718487.1718492}}

@inproceedings{Wees:2015aa,
	Address = {Beijing, China},
	Author = {Van der Wees, Marlies and Bisazza, Arianna and Weerkamp, Wouter and Monz, Christof},
	Booktitle = {Proceedings of the 53rd Annual Meeting of the Association for Computational Linguistics and the 7th International Joint Conference on Natural Language Processing (Volume 2: Short Papers)},
	Date-Added = {2015-10-12 15:09:37 +0000},
	Date-Modified = {2015-10-15 11:55:37 +0000},
	Month = {July},
	Pages = {560--566},
	Publisher = {Association for Computational Linguistics},
	Title = {What's in a Domain? Analyzing Genre and Topic Differences in Statistical Machine Translation},
	Url = {http://www.aclweb.org/anthology/P15-2092},
	Year = {2015},
	Bdsk-Url-1 = {http://www.aclweb.org/anthology/P15-2092}}

@article{Savoy:2004aa,
	Author = {Savoy, Jacques},
	Date-Added = {2015-05-18 22:45:33 +0000},
	Date-Modified = {2015-05-18 22:45:35 +0000},
	Journal = {Information Retrieval},
	Number = {1-2},
	Pages = {121--148},
	Publisher = {Springer},
	Title = {Combining multiple strategies for effective monolingual and cross-language retrieval},
	Volume = {7},
	Year = {2004}}

@inproceedings{Katz:2003aa,
	Author = {Katz, Boris and Lin, Jimmy},
	Booktitle = {Proceedings of the workshop on Natural Language Processing for Question Answering (EACL 2003)},
	Date-Added = {2015-05-15 19:36:53 +0000},
	Date-Modified = {2015-05-15 19:36:54 +0000},
	Pages = {43--50},
	Title = {Selectively using relations to improve precision in question answering},
	Year = {2003}}

@inproceedings{Attardi:2001aa,
	Author = {Attardi, Giuseppe and Cisternino, Antonio and Formica, Francesco and Simi, Maria and Tommasi, Alessandro},
	Booktitle = {TREC},
	Date-Added = {2015-05-15 19:28:28 +0000},
	Date-Modified = {2015-05-15 19:28:29 +0000},
	Title = {PiQASso: Pisa Question Answering System.},
	Year = {2001}}

@inproceedings{Tsai:2008aa,
	Acmid = {1390370},
	Address = {New York, NY, USA},
	Author = {Tsai, Ming-Feng and Wang, Yu-Ting and Chen, Hsin-Hsi},
	Booktitle = {Proceedings of the 31st Annual International ACM SIGIR Conference on Research and Development in Information Retrieval},
	Date-Added = {2015-05-15 19:06:12 +0000},
	Date-Modified = {2015-05-15 19:06:13 +0000},
	Doi = {10.1145/1390334.1390370},
	Isbn = {978-1-60558-164-4},
	Keywords = {FRank, MLIR, Merge Model},
	Location = {Singapore, Singapore},
	Numpages = {8},
	Pages = {195--202},
	Publisher = {ACM},
	Series = {SIGIR '08},
	Title = {A Study of Learning a Merge Model for Multilingual Information Retrieval},
	Url = {http://doi.acm.org/10.1145/1390334.1390370},
	Year = {2008},
	Bdsk-Url-1 = {http://doi.acm.org/10.1145/1390334.1390370},
	Bdsk-Url-2 = {http://dx.doi.org/10.1145/1390334.1390370}}

@inproceedings{Shima:2010aa,
	Author = {Shima, Hideki and Teruko Mitamura},
	Booktitle = {Proceedings of NTCIR-8 Workshop},
	Date-Added = {2015-05-13 16:22:50 +0000},
	Date-Modified = {2015-05-13 16:23:12 +0000},
	Title = {Bootstrap Pattern Learning for Open-Domain CLQA},
	Year = {2010}}

@inproceedings{Mitamura:2006aa,
	Acmid = {1708104},
	Address = {Stroudsburg, PA, USA},
	Author = {Mitamura, Teruko and Wang, Mengqiu and Shima, Hideki and Lin, Frank},
	Booktitle = {Proceedings of the Workshop on Multilingual Question Answering},
	Date-Added = {2015-05-13 16:20:06 +0000},
	Date-Modified = {2015-05-13 16:20:07 +0000},
	Isbn = {2-9524532-4-1},
	Numpages = {8},
	Pages = {31--38},
	Publisher = {Association for Computational Linguistics},
	Series = {MLQA '06},
	Title = {Keyword Translation Accuracy and Cross-lingual Question Answering in Chinese and Japanese},
	Url = {http://dl.acm.org/citation.cfm?id=1708097.1708104},
	Year = {2006},
	Bdsk-Url-1 = {http://dl.acm.org/citation.cfm?id=1708097.1708104}}

@inproceedings{Lin:aa,
	Author = {Lin, Chuan-Jie and Kuo, Yu-Min},
	Booktitle = {Proceedings of NTCIR-8 Workshop},
	Date-Added = {2015-05-13 16:09:30 +0000},
	Date-Modified = {2015-05-13 16:22:38 +0000},
	Title = {Description of the NTOU Complex QA System},
	Year = {2010}}

@inproceedings{Ren:aa,
	Author = {Ren, Han and Ji, Donghong and Wan, Jing},
	Booktitle = {Proceedings of NTCIR-8 Workshop},
	Date-Added = {2015-05-13 15:57:46 +0000},
	Date-Modified = {2015-05-13 16:22:18 +0000},
	Title = {WHU Question Answering System at NTCIR-8 ACLIA Task},
	Year = {2010}}

@incollection{Munoz-Terol:2009aa,
	Author = {Munoz-Terol, Rafael and Puchol-Blasco, Marcel and Pardino, Maria and Gomez, Jose Manuel and Roger, Sandra and Vila, Katia and Ferrandez, Antonio and Peral, Jesus and Martinez-Barco, Patricio},
	Booktitle = {Evaluating Systems for Multilingual and Multimodal Information Access},
	Date-Added = {2015-05-13 15:31:20 +0000},
	Date-Modified = {2015-10-15 12:06:42 +0000},
	Doi = {10.1007/978-3-642-04447-2_51},
	Isbn = {978-3-642-04446-5},
	Language = {English},
	Pages = {438-441},
	Publisher = {Springer Berlin Heidelberg},
	Series = {LNCS},
	Title = {Integrating Logic Forms and Anaphora Resolution in the AliQAn System},
	Url = {http://dx.doi.org/10.1007/978-3-642-04447-2_51},
	Year = {2009},
	Bdsk-Url-1 = {http://dx.doi.org/10.1007/978-3-642-04447-2_51}}

@inproceedings{Sacaleanu:2008aa,
	Author = {Bogdan Sacaleanu and G{\"u}nter Neumann and Christian Spurk},
	Booktitle = {CLEF 2008 Working Notes},
	Date-Added = {2015-05-13 15:26:36 +0000},
	Date-Modified = {2015-05-13 15:26:37 +0000},
	Editor = {Carol Peters and et al.},
	Publisher = {Springer Verlag},
	Series = {Working Notes},
	Title = {DFKI-LT at QACLEF 2008},
	Year = {2008}}

@incollection{Hartrumpf:2009aa,
	Author = {Hartrumpf, Sven and Gl{\~A}Â¶ckner, Ingo and Leveling, Johannes},
	Booktitle = {Evaluating Systems for Multilingual and Multimodal Information Access},
	Date-Added = {2015-05-13 15:26:23 +0000},
	Date-Modified = {2015-05-13 15:26:24 +0000},
	Doi = {10.1007/978-3-642-04447-2_49},
	Editor = {Peters, Carol and Deselaers, Thomas and Ferro, Nicola and Gonzalo, Julio and Jones, GarethJ.F. and Kurimo, Mikko and Mandl, Thomas and Pe{\~A}$\pm$as, Anselmo and Petras, Vivien},
	Isbn = {978-3-642-04446-5},
	Language = {English},
	Pages = {421-428},
	Publisher = {Springer Berlin Heidelberg},
	Series = {Lecture Notes in Computer Science},
	Title = {Efficient Question Answering with Question Decomposition and Multiple Answer Streams},
	Url = {http://dx.doi.org/10.1007/978-3-642-04447-2_49},
	Volume = {5706},
	Year = {2009},
	Bdsk-Url-1 = {http://dx.doi.org/10.1007/978-3-642-04447-2_49}}

@incollection{Martinez-Gonzalez:2009aa,
	Author = {Martinez-Gonzalez, {\~A}ngel and de Pablo-Sanchez, Cesar and Polo-Bayo, Concepcion and Vicente-Diez, Mar{\~A}aTeresa and Martinez-Fernandez, Paloma and Martinez-Fernandez, Jose Luis},
	Booktitle = {Evaluating Systems for Multilingual and Multimodal Information Access},
	Date-Added = {2015-05-13 15:25:37 +0000},
	Date-Modified = {2015-05-13 18:09:13 +0000},
	Doi = {10.1007/978-3-642-04447-2_48},
	Editor = {Peters, Carol and Deselaers, Thomas and Ferro, Nicola and Gonzalo, Julio and Jones, GarethJ.F. and Kurimo, Mikko and Mandl, Thomas and Pe{\~A}$\pm$as, Anselmo and Petras, Vivien},
	Isbn = {978-3-642-04446-5},
	Language = {English},
	Pages = {409-420},
	Publisher = {Springer Berlin Heidelberg},
	Series = {Lecture Notes in Computer Science},
	Title = {The MIRACLE Team at the CLEF 2008 Multilingual Question Answering Track},
	Url = {http://dx.doi.org/10.1007/978-3-642-04447-2_48},
	Volume = {5706},
	Year = {2009},
	Bdsk-Url-1 = {http://dx.doi.org/10.1007/978-3-642-04447-2_48}}

@incollection{Adafre:2009aa,
	Author = {Adafre, SisayFissaha and van Genabith, Josef},
	Booktitle = {Evaluating Systems for Multilingual and Multimodal Information Access},
	Date-Added = {2015-05-13 15:25:02 +0000},
	Date-Modified = {2015-05-13 15:25:03 +0000},
	Doi = {10.1007/978-3-642-04447-2_41},
	Editor = {Peters, Carol and Deselaers, Thomas and Ferro, Nicola and Gonzalo, Julio and Jones, GarethJ.F. and Kurimo, Mikko and Mandl, Thomas and Pe{\~n}as, Anselmo and Petras, Vivien},
	Isbn = {978-3-642-04446-5},
	Language = {English},
	Pages = {353-360},
	Publisher = {Springer Berlin Heidelberg},
	Series = {Lecture Notes in Computer Science},
	Title = {Dublin City University at QACLEF 2008},
	Url = {http://dx.doi.org/10.1007/978-3-642-04447-2_41},
	Volume = {5706},
	Year = {2009},
	Bdsk-Url-1 = {http://dx.doi.org/10.1007/978-3-642-04447-2_41}}

@inproceedings{Smucker:2007,
	Author = {Smucker, Mark D. and Allan, James and Carterette, Ben},
	Booktitle = {Proceedings of the 16th ACM conference on Conference on Information and Knowledge Management},
	Date-Added = {2015-01-28 06:49:17 +0000},
	Date-Modified = {2015-01-28 06:49:17 +0000},
	Doi = {10.1145/1321440.1321528},
	Isbn = {978-1-59593-803-9},
	Keywords = {tool,ir},
	Pages = {623--632},
	Series = {CIKM '07},
	Title = {{A comparison of statistical significance tests for information retrieval evaluation}},
	Url = {http://doi.acm.org/10.1145/1321440.1321528},
	Year = {2007},
	Bdsk-Url-1 = {http://doi.acm.org/10.1145/1321440.1321528},
	Bdsk-Url-2 = {http://dx.doi.org/10.1145/1321440.1321528}}

@inproceedings{Green:2010aa,
	Author = {Green, Spence and Manning, Christopher D},
	Booktitle = {Proceedings of the 23rd International Conference on Computational Linguistics},
	Date-Added = {2015-01-27 23:03:45 +0000},
	Date-Modified = {2015-01-27 23:03:46 +0000},
	Organization = {Association for Computational Linguistics},
	Pages = {394--402},
	Title = {Better Arabic parsing: Baselines, evaluations, and analysis},
	Year = {2010}}

@article{Och:2003,
	Author = {Och, Franz J. and Ney, Hermann},
	Date-Added = {2015-01-23 16:15:28 +0000},
	Date-Modified = {2015-01-23 16:15:28 +0000},
	Journal = {Computational Linguistics},
	Number = {1},
	Pages = {19--51},
	Title = {A systematic comparison of various statistical alignment models},
	Volume = {29},
	Year = {2003}}

@incollection{serif,
	Author = {Ramshaw, Lance and Elizabeth Boschee and Marjorie Freedman and Jessica MacBride and Ralph Weischedel and Alex Zamanian},
	Booktitle = {Handbook of Natural Language Processing and Machine Translation: DARPA Global Autonomous Language Exploitation},
	Date-Added = {2015-01-22 22:26:44 +0000},
	Date-Modified = {2015-01-22 22:26:44 +0000},
	Editor = {J. Olive et al.},
	Pages = {626-631},
	Publisher = {Springer},
	Title = {SERIF Language Processing --- Effective Trainable Language Understanding},
	Year = {2011}}

@inproceedings{Och:2003a,
	Address = {Stroudsburg, PA, USA},
	Author = {Och, Franz Josef},
	Booktitle = {Proceedings of the 41st Annual Meeting on Association for Computational Linguistics - Volume 1},
	Date-Added = {2015-01-22 22:26:25 +0000},
	Date-Modified = {2015-01-22 22:26:25 +0000},
	Doi = {http://dx.doi.org/10.3115/1075096.1075117},
	Keywords = {tool,mt},
	Pages = {160--167},
	Publisher = {Association for Computational Linguistics},
	Series = {ACL '03},
	Title = {{Minimum error rate training in statistical machine translation}},
	Url = {http://dx.doi.org/10.3115/1075096.1075117},
	Year = {2003},
	Bdsk-Url-1 = {http://dx.doi.org/10.3115/1075096.1075117}}

@inproceedings{Hovy:2001aa,
	Author = {Hovy, Eduard and Gerber, Laurie and Hermjakob, Ulf and Lin, Chin-Yew and Ravichandran, Deepak},
	Booktitle = {Proceedings of the first international conference on Human language technology research},
	Organization = {Association for Computational Linguistics},
	Pages = {1--7},
	Title = {Toward semantics-based answer pinpointing},
	Year = {2001}}

@inproceedings{Katz:2005aa,
	Author = {Katz, Boris and Borchardt, Gary and Felshin, Sue},
	Booktitle = {Proceedings of the AAAI 2005 workshop on inference for textual question answering},
	Pages = {35--41},
	Title = {Syntactic and semantic decomposition strategies for question answering from multiple resources},
	Year = {2005}}

@inproceedings{Alfonseca:2001aa,
	Author = {Alfonseca, Enrique and De Boni, Marco and Jara-Valencia, Jos{\'e}-Luis and Manandhar, Suresh},
	Booktitle = {TREC},
	Title = {A ProtoType Question Answering System Using Syntactic and Semantic Information for Answer Retrieval.},
	Year = {2001}}

@inproceedings{Cui:2005aa,
	Acmid = {1076103},
	Address = {New York, NY, USA},
	Author = {Cui, Hang and Sun, Renxu and Li, Keya and Kan, Min-Yen and Chua, Tat-Seng},
	Booktitle = {Proceedings of the 28th Annual International ACM SIGIR Conference on Research and Development in Information Retrieval},
	Doi = {10.1145/1076034.1076103},
	Isbn = {1-59593-034-5},
	Keywords = {dependency parsing, passage retrieval, question answering},
	Location = {Salvador, Brazil},
	Numpages = {8},
	Pages = {400--407},
	Publisher = {ACM},
	Series = {SIGIR '05},
	Title = {Question Answering Passage Retrieval Using Dependency Relations},
	Url = {http://doi.acm.org/10.1145/1076034.1076103},
	Year = {2005},
	Bdsk-Url-1 = {http://doi.acm.org/10.1145/1076034.1076103},
	Bdsk-Url-2 = {http://dx.doi.org/10.1145/1076034.1076103}}

@inproceedings{Robertson:2004,
	Author = {Robertson, Stephen and Zaragoza, Hugo and Taylor, Michael},
	Booktitle = {Proc. CIKM},
	Date-Added = {2015-01-16 22:11:03 +0000},
	Date-Modified = {2015-01-16 22:11:03 +0000},
	Doi = {doi.acm.org/10.1145/1031171.1031181},
	Isbn = {1-58113-874-1},
	Pages = {42--49},
	Title = {{Simple \{BM25\} extension to multiple weighted fields}},
	Year = {2004},
	Bdsk-Url-1 = {http://dx.doi.org/10.1145/1031171.1031181}}

@inproceedings{Ture:2012,
	Author = {Ture, Ferhan and Lin, Jimmy and Oard, Douglas W.},
	Booktitle = {Proceedings of the 24th International Conference on Computational Linguistics},
	Date-Added = {2015-01-16 22:10:51 +0000},
	Date-Modified = {2015-01-16 22:10:51 +0000},
	Pages = {2685--2702},
	Series = {COLING '12},
	Title = {Combining Statistical Translation Techniques for Cross-Language Information Retrieval},
	Url = {http://www.aclweb.org/anthology/C12-1164},
	Year = 2012,
	Bdsk-Url-1 = {http://www.aclweb.org/anthology/C12-1164}}

@incollection{Freedman:2011aa,
	Author = {M. Freedman and E. Boschee and J. Graettinger.},
	Booktitle = {In Handbook of Natural Language Processing and Machine Translation: DARPA Global Autonomous Language Exploitation},
	Date-Added = {2015-01-16 22:03:21 +0000},
	Date-Modified = {2015-01-16 22:04:22 +0000},
	Editor = {J. Olive at al.},
	Pages = {665-673},
	Publisher = {Springer},
	Title = {Using Structural Semantic Information for Language Understanding Problems},
	Year = {2011}}

@inproceedings{Darwish:2003aa,
	Annote = {: Proceedings of the 26th annual international ACM SIGIR conference on Research and development in informaion retrieval},
	Author = {Darwish, Kareem and Oard, Douglas W.},
	Booktitle = {SIGIR},
	Date-Modified = {2015-01-16 22:03:16 +0000},
	Doi = {http://doi.acm.org/10.1145/860435.860497},
	Isbn = {1-58113-646-3},
	Title = {{Probabilistic structured query methods}},
	Url = {http://portal.acm.org/ft\_gateway.cfm?id=860497\&type=pdf\&coll=Portal\&dl=GUIDE\&CFID=108932623\&CFTOKEN=31359976},
	Year = {2003},
	Bdsk-Url-1 = {http://portal.acm.org/ft%5C_gateway.cfm?id=860497%5C&type=pdf%5C&coll=Portal%5C&dl=GUIDE%5C&CFID=108932623%5C&CFTOKEN=31359976},
	Bdsk-Url-2 = {http://doi.acm.org/10.1145/860435.860497}}

@article{Kolomiyets:2011aa,
	Author = {Kolomiyets, Oleksandr and Moens, Marie-Francine},
	Date-Modified = {2015-01-16 22:03:16 +0000},
	Doi = {http://dx.doi.org/10.1016/j.ins.2011.07.047},
	Issn = {0020-0255},
	Journal = {Information Sciences},
	Keywords = {Retrieval and ranking models,qa,survey},
	Mendeley-Tags = {qa,survey},
	Number = {24},
	Pages = {5412--5434},
	Title = {{A survey on question answering technology from an information retrieval perspective}},
	Url = {http://www.sciencedirect.com/science/article/pii/S0020025511003860},
	Volume = {181},
	Year = {2011},
	Bdsk-Url-1 = {http://www.sciencedirect.com/science/article/pii/S0020025511003860},
	Bdsk-Url-2 = {http://dx.doi.org/10.1016/j.ins.2011.07.047}}

@inproceedings{Santosh:2011aa,
	Address = {Berlin, Heidelberg},
	Author = {Santosh, G S K and Kumar, N Kiran and Varma, Vasudeva},
	Booktitle = {Proceedings of the 12th International Conference on Computational Linguistics and Intelligent Text Processing - Volume Part II},
	Date-Modified = {2015-01-16 22:03:16 +0000},
	Isbn = {978-3-642-19436-8},
	Keywords = {clir,feature engineering,levenshtein edit distance,multilingual document ranking,wikipedia},
	Mendeley-Tags = {clir},
	Pages = {212--220},
	Publisher = {Springer-Verlag},
	Series = {CICLing'11},
	Title = {{Ranking Multilingual Documents Using Minimal Language Dependent Resources}},
	Url = {http://dl.acm.org/citation.cfm?id=1964750.1964769},
	Year = {2011},
	Bdsk-Url-1 = {http://dl.acm.org/citation.cfm?id=1964750.1964769}}

@article{Ko:2010ab,
	Address = {New York, NY, USA},
	Annote = {query=English.
collection=Chinese / Japanese.

        

        
They use a translation moduke (TM) to translate query words. TM outputs multiple translation candidates and they filter out low-scored translations. They keep English words in addition to their translation (since the English word might appear as-is in Ch/Jap doc). They also use Wikipedia to see if query matches Wiki title, and whether that Wiki article has translation.},
	Author = {Ko, Jeongwoo and Si, Luo and Nyberg, Eric and Mitamura, Teruko},
	Date-Modified = {2015-01-16 22:03:16 +0000},
	Doi = {10.1145/1777432.1777439},
	Issn = {1046-8188},
	Journal = {ACM Trans. Inf. Syst.},
	Keywords = {Question-answering,answer selection,answer-merging,answer-ranking,clqa,merge,probabilistic,probabilistic graphical model},
	Mendeley-Tags = {clqa,merge,probabilistic},
	Month = jul,
	Number = {3},
	Pages = {16:1----16:37},
	Publisher = {ACM},
	Title = {{Probabilistic Models for Answer-ranking in Multilingual Question-answering}},
	Url = {http://doi.acm.org/10.1145/1777432.1777439},
	Volume = {28},
	Year = {2010},
	Bdsk-Url-1 = {http://doi.acm.org/10.1145/1777432.1777439},
	Bdsk-Url-2 = {http://dx.doi.org/10.1145/1777432.1777439}}

@article{Garcia-Cumbreras:2012aa,
	Address = {Hingham, MA, USA},
	Annote = {6 different query translation methods (none are probabilistic)

        

        
1. S1: The translation returned by the default translator.
2. S2: Given a phrase, the different translations of each word obtained by applying all of
the translators.
3. S3: S1 plus the original recognised entities (non translated).
4. S4: S1 plus the entities recognised translated with the default translator, replacing the
original entities.
5. S5: S1 plus the translation of names and verbs made by the electronic dictionary
Freedictionary.13
6. S6: S1 plus the most frequent words from the other translators.
Figure 2 shows an example of the translation strategies for a questi},
	Author = {Garc\'{\i}a-Cumbreras, M \'{A} and Mart\'{\i}nez-Santiago, F and Ure\~{n}a-L\'{o}pez, L A},
	Date-Modified = {2015-01-16 22:03:16 +0000},
	Doi = {10.1007/s10791-011-9177-5},
	Issn = {1386-4564},
	Journal = {Inf. Retr.},
	Keywords = {Answer merging,Cross Language Information Retrieval,Multilingual question answering,Question answering,clqa},
	Mendeley-Tags = {clqa},
	Month = oct,
	Number = {5},
	Pages = {413--432},
	Publisher = {Kluwer Academic Publishers},
	Title = {{Architecture and Evaluation of BRUJA, a Multilingual Question Answering System}},
	Url = {http://dx.doi.org/10.1007/s10791-011-9177-5},
	Volume = {15},
	Year = {2012},
	Bdsk-Url-1 = {http://dx.doi.org/10.1007/s10791-011-9177-5}}

@article{Ko:2010aa,
	Address = {Tarrytown, NY, USA},
	Author = {Ko, Jeongwoo and Si, Luo and Nyberg, Eric},
	Date-Modified = {2015-01-16 22:03:16 +0000},
	Doi = {10.1016/j.ipm.2009.11.004},
	Issn = {0306-4573},
	Journal = {Inf. Process. Manage.},
	Keywords = {Answer merging,Answer ranking,Question answering,merge,probabilistic},
	Mendeley-Tags = {merge,probabilistic},
	Month = sep,
	Number = {5},
	Pages = {541--554},
	Publisher = {Pergamon Press, Inc.},
	Title = {{Combining Evidence with a Probabilistic Framework for Answer Ranking and Answer Merging in Question Answering}},
	Url = {http://dx.doi.org/10.1016/j.ipm.2009.11.004},
	Volume = {46},
	Year = {2010},
	Bdsk-Url-1 = {http://dx.doi.org/10.1016/j.ipm.2009.11.004}}

@article{Ferrucci:2010aa,
	Author = {Ferrucci, David and Brown, Eric and Chu-Carroll, Jennifer and Fan, James and Gondek, David and Kalyanpur, Aditya A and Lally, Adam and Murdock, J William and Nyberg, Eric and Prager, John and Others},
	Date-Modified = {2015-01-16 22:03:16 +0000},
	Journal = {AI magazine},
	Number = {3},
	Pages = {59--79},
	Title = {{Building Watson: An overview of the DeepQA project}},
	Volume = {31},
	Year = {2010}}

@techreport{Wang:2014aa,
	Abstract = {<p>Question answering (QA) over an existing knowledge base (KB) such as Microsoft
Satori or open Freebase is one of the most important natural language processing
applications. There are approaches based on web-search motivated statistic
techniques as well as linguistically oriented knowledge engineering. Both methods
face the key challenge on how to handle diverse ways of naturally expressing
predicates and entities existing in the KB. The domain independent web
information extracted from the massive amount of web usage data can be used with
traditional semantic parsing through a unified framework. We provide such a
unified framework utilizing both statistically motivated information-theoretic
embeddings and logically driven proof-theoretic decoding to significantly improve
Stanford's WebQuestions QA benchmark. In comparison to Stanford's state of the
art ParaSempre 39.9 (F1-score), our Deep QA system achieves 45.3 on the same test
data and protocol.</p>},
	Author = {Wang, Zhenghao and Yan, Shengquan and Wang, Huaming and Huang, Xuedong},
	Date-Modified = {2015-01-16 22:03:16 +0000},
	Month = sep,
	Number = {MSR-TR-2014-121},
	Publisher = {Microsoft Research},
	Title = {{An Overview of Microsoft Deep QA System on Stanford WebQuestions Benchmark}},
	Url = {http://research.microsoft.com/apps/pubs/default.aspx?id=228312},
	Year = {2014},
	Bdsk-Url-1 = {http://research.microsoft.com/apps/pubs/default.aspx?id=228312}}

@inproceedings{Harabagiu:2005aa,
	Author = {Harabagiu, Sanda and Bejan, Cosmin Adrian},
	Booktitle = {Proceedings of the AAAI-2005 workshop on inference for textual question answering},
	Pages = {27--34},
	Title = {Question answering based on temporal inference},
	Year = {2005}}

@inproceedings{Shen:2007aa,
	Author = {Shen, Dan and Lapata, Mirella},
	Booktitle = {EMNLP-CoNLL},
	Organization = {Citeseer},
	Pages = {12--21},
	Title = {Using Semantic Roles to Improve Question Answering.},
	Year = {2007}}

@inproceedings{Saquete:2005aa,
	Address = {Berlin, Heidelberg},
	Author = {Saquete, E and Vicedo, J L and Mart\'{\i}nez-Barco, P and Mu\~{n}oz, R and Llopis, F},
	Booktitle = {Proceedings of the 5th Conference on Cross-Language Evaluation Forum: Multilingual Information Access for Text, Speech and Images},
	Date-Modified = {2015-01-16 22:03:16 +0000},
	Doi = {10.1007/11519645\_58},
	Isbn = {3-540-27420-0, 978-3-540-27420-9},
	Keywords = {temporal},
	Mendeley-Tags = {temporal},
	Pages = {591--596},
	Publisher = {Springer-Verlag},
	Series = {CLEF'04},
	Title = {{Evaluation of Complex Temporal Questions in CLEF-QA}},
	Url = {http://dx.doi.org/10.1007/11519645\_58},
	Year = {2005},
	Bdsk-Url-1 = {http://dx.doi.org/10.1007/11519645%5C_58}}

@inproceedings{Schiffman:2007aa,
	Author = {Schiffman, Barry and Mckeown, Kathleen R and Grishman, Ralph},
	Booktitle = {in Proceedings of HLT/NAACL},
	Date-Modified = {2015-01-16 22:03:16 +0000},
	Keywords = {coreference},
	Mendeley-Tags = {coreference},
	Title = {{Question answering using integrated information retrieval and information extraction}},
	Year = {2007}}

@inproceedings{Morton:1999aa,
	Address = {Stroudsburg, PA, USA},
	Author = {Morton, Thomas S},
	Booktitle = {Proceedings of the Workshop on Coreference and Its Applications},
	Date-Modified = {2015-01-16 22:03:16 +0000},
	Keywords = {coreference},
	Mendeley-Tags = {coreference},
	Pages = {85--89},
	Publisher = {Association for Computational Linguistics},
	Series = {CorefApp '99},
	Title = {{Using Coreference for Question Answering}},
	Url = {http://dl.acm.org/citation.cfm?id=1608810.1608826},
	Year = {1999},
	Bdsk-Url-1 = {http://dl.acm.org/citation.cfm?id=1608810.1608826}}

@inproceedings{Zhang:2003aa,
	Address = {New York, NY, USA},
	Author = {Zhang, Dell and Lee, Wee Sun},
	Booktitle = {Proceedings of the 26th Annual International ACM SIGIR Conference on Research and Development in Informaion Retrieval},
	Date-Modified = {2015-01-16 22:03:16 +0000},
	Doi = {10.1145/860435.860443},
	Isbn = {1-58113-646-3},
	Keywords = {machine learning, question answering, support vector machine, text classification,kernel method},
	Pages = {26--32},
	Publisher = {ACM},
	Series = {SIGIR '03},
	Title = {{Question Classification Using Support Vector Machines}},
	Url = {http://doi.acm.org/10.1145/860435.860443},
	Year = {2003},
	Bdsk-Url-1 = {http://doi.acm.org/10.1145/860435.860443},
	Bdsk-Url-2 = {http://dx.doi.org/10.1145/860435.860443}}

@article{Moldovan:2007aa,
	Author = {Moldovan, Dan and Clark, Christine and Harabagiu, A and Hodges, Daniel},
	Date-Modified = {2015-01-16 22:03:16 +0000},
	Journal = {Journal of Applied Logic},
	Title = {{Cogex: A semantically and contextually enriched logic prover for question answering}},
	Year = {2007}}

@article{Nie:2010,
	Author = {Nie, Jian-Yun},
	Journal = {Synthesis Lectures on Human Language Technologies},
	Number = {1},
	Pages = {1--125},
	Publisher = {Morgan \& Claypool Publishers},
	Title = {Cross-language information retrieval},
	Volume = {3},
	Year = {2010}}

@inproceedings{Devlin:2014,
	Author = {Jacob Devlin and Rabih Zbib and Zhongqiang Huang and Thomas Lamar and Richard M. Schwartz and John Makhoul},
	Booktitle = {Proceedings of the 52nd Annual Meeting of the Association for Computational Linguistics, {ACL} 2014, June 22-27, 2014, Baltimore, MD, USA},
	Pages = {1370--1380},
	Title = {Fast and Robust Neural Network Joint Models for Statistical Machine Translation},
	Year = {2014}}

@inproceedings{Metzler:2005,
	Address = {New York, NY, USA},
	Author = {Metzler, Donald and Croft, W Bruce},
	Booktitle = {Proceedings of the 28th annual international ACM SIGIR conference on Research and development in information retrieval},
	Doi = {10.1145/1076034.1076115},
	Isbn = {1-59593-034-5},
	Keywords = {term dependence,ir},
	Pages = {472--479},
	Publisher = {ACM},
	Series = {SIGIR '05},
	Title = {{A Markov random field model for term dependencies}},
	Url = {http://doi.acm.org/10.1145/1076034.1076115},
	Year = {2005},
	Bdsk-Url-1 = {http://doi.acm.org/10.1145/1076034.1076115},
	Bdsk-Url-2 = {http://dx.doi.org/10.1145/1076034.1076115}}

@article{Ture:2014aa,
	Acmid = {2644807},
	Address = {New York, NY, USA},
	Articleno = {19},
	Author = {Ture, Ferhan and Lin, Jimmy},
	Doi = {10.1145/2644807},
	Issn = {1046-8188},
	Issue_Date = {October 2014},
	Journal = {ACM Trans. Inf. Syst.},
	Month = oct,
	Number = {4},
	Numpages = {32},
	Pages = {19:1--19:32},
	Publisher = {ACM},
	Title = {Exploiting Representations from Statistical Machine Translation for Cross-Language Information Retrieval},
	Url = {http://doi.acm.org/10.1145/2644807},
	Volume = {32},
	Year = {2014},
	Bdsk-Url-1 = {http://doi.acm.org/10.1145/2644807},
	Bdsk-Url-2 = {http://dx.doi.org/10.1145/2644807}}

@inproceedings{Harabagiu:2000aa,
	Author = {Harabagiu, Sanda and Moldovan, Dan and Pasca, Marius and Mihalcea, Rada and Surdeanu, Mihai and Bunescu, Razvan and Girju, Roxana and Rus, Vasile and Morarescu, Paul},
	Date-Modified = {2015-01-16 22:03:16 +0000},
	Pages = {479--488},
	Title = {{FALCON: Boosting Knowledge for Answer Engines}},
	Year = {2000}}

@conference{Zhang:2007aa,
	Address = {Gaithersburg, Maryland},
	Author = {Zhang, Chen and Gerber, Matthew and Baldwin, Tyler and Emelander, Steven and Chai, Joyce and Jin, Rong},
	Booktitle = {Proceedings of the Sixteenth Text Retrieval Conference},
	Date-Modified = {2015-01-16 22:03:16 +0000},
	Month = nov,
	Title = {{Michigan State University at the 2007 TREC ciQA Task}},
	Year = {2007}}

@article{Aikawa:2011aa,
	Author = {Aikawa, Naoyoshi and Sakai, Tetsuya and Yamana, Hayato},
	Journal = {IPSJ Online Transactions},
	Pages = {160--168},
	Title = {Community QA Question Classification: Is the Asker Looking for Subjective Answers or Not?},
	Volume = {4},
	Year = {2011}}

@inproceedings{Brill:2001aa,
	Author = {Eric Brill and Jimmy Lin and Michele Banko and Susan Dumais and Andrew Ng},
	Booktitle = {In Proceedings of the Tenth Text REtrieval Conference (TREC},
	Pages = {393--400},
	Title = {Data-Intensive Question Answering},
	Year = {2001}}

@inproceedings{Chen:2006aa,
	Address = {Sydney, Australia},
	Author = {Chen, Yi and Zhou, Ming and Wang, Shilong},
	Booktitle = {Proceedings of the 21st International Conference on Computational Linguistics and 44th Annual Meeting of the Association for Computational Linguistics},
	Doi = {10.3115/1220175.1220311},
	Month = {July},
	Pages = {1081--1088},
	Publisher = {Association for Computational Linguistics},
	Title = {Reranking Answers for Definitional QA Using Language Modeling},
	Url = {http://www.aclweb.org/anthology/P06-1136},
	Year = {2006},
	Bdsk-Url-1 = {http://www.aclweb.org/anthology/P06-1136},
	Bdsk-Url-2 = {http://dx.doi.org/10.3115/1220175.1220311}}

@article{Madnani:2007aa,
	Author = {Madnani, N and Lin, Jimmy and Dorr, Bonnie J},
	Date-Modified = {2015-01-16 22:03:16 +0000},
	Journal = {Proceedings of TREC},
	Title = {{TREC 2007 ciQA Task: University of Maryland}},
	Year = {2007}}

@inproceedings{Severyn:2012aa,
	Address = {New York, NY, USA},
	Author = {Severyn, Aliaksei and Moschitti, Alessandro},
	Booktitle = {Proceedings of the 35th International ACM SIGIR Conference on Research and Development in Information Retrieval},
	Date-Modified = {2015-01-16 22:03:16 +0000},
	Doi = {10.1145/2348283.2348383},
	Isbn = {978-1-4503-1472-5},
	Keywords = {large-scale learning, question answering, structural kernels, support vector machines,kernel methods},
	Pages = {741--750},
	Publisher = {ACM},
	Series = {SIGIR '12},
	Title = {{Structural Relationships for Large-scale Learning of Answer Re-ranking}},
	Url = {http://doi.acm.org/10.1145/2348283.2348383},
	Year = {2012},
	Bdsk-Url-1 = {http://doi.acm.org/10.1145/2348283.2348383},
	Bdsk-Url-2 = {http://dx.doi.org/10.1145/2348283.2348383}}

@article{Buscaldi:2010aa,
	Address = {Hingham, MA, USA},
	Author = {Buscaldi, Davide and Rosso, Paolo and G\'{o}mez-Soriano, Jos\'{e} Manuel and Sanchis, Emilio},
	Date-Modified = {2015-01-16 22:03:16 +0000},
	Doi = {10.1007/s10844-009-0082-y},
	Issn = {0925-9902},
	Journal = {J. Intell. Inf. Syst.},
	Keywords = {Passage retrieval, Question answering,Information retrieval and extraction},
	Month = apr,
	Number = {2},
	Pages = {113--134},
	Publisher = {Kluwer Academic Publishers},
	Title = {{Answering Questions with an N-gram Based Passage Retrieval Engine}},
	Url = {http://dx.doi.org/10.1007/s10844-009-0082-y},
	Volume = {34},
	Year = {2010},
	Bdsk-Url-1 = {http://dx.doi.org/10.1007/s10844-009-0082-y}}

@inproceedings{Agarwal:2012aa,
	Address = {New York, NY, USA},
	Author = {Agarwal, Arvind and Raghavan, Hema and Subbian, Karthik and Melville, Prem and Lawrence, Richard D and Gondek, David C and Fan, James},
	Booktitle = {Proceedings of the 21st ACM International Conference on Information and Knowledge Management},
	Date-Modified = {2015-01-16 22:03:16 +0000},
	Doi = {10.1145/2396761.2396867},
	Isbn = {978-1-4503-1156-4},
	Keywords = {ltr,question-answering,rank-aggregation,ranking},
	Mendeley-Tags = {ltr},
	Pages = {833--842},
	Publisher = {ACM},
	Series = {CIKM '12},
	Title = {{Learning to Rank for Robust Question Answering}},
	Url = {http://doi.acm.org/10.1145/2396761.2396867},
	Year = {2012},
	Bdsk-Url-1 = {http://doi.acm.org/10.1145/2396761.2396867},
	Bdsk-Url-2 = {http://dx.doi.org/10.1145/2396761.2396867}}

@inproceedings{Bilotti:2010aa,
	Address = {New York, NY, USA},
	Author = {Bilotti, Matthew W and Elsas, Jonathan and Carbonell, Jaime and Nyberg, Eric},
	Booktitle = {Proceedings of the 19th ACM International Conference on Information and Knowledge Management},
	Date-Modified = {2015-01-16 22:03:16 +0000},
	Doi = {10.1145/1871437.1871498},
	Isbn = {978-1-4503-0099-5},
	Keywords = {annotation graphs,committee perceptron,factoid,learning to rank,passage retrieval,question answering,semantic,text annotations},
	Mendeley-Tags = {factoid,semantic},
	Pages = {459--468},
	Publisher = {ACM},
	Series = {CIKM '10},
	Title = {{Rank Learning for Factoid Question Answering with Linguistic and Semantic Constraints}},
	Url = {http://doi.acm.org/10.1145/1871437.1871498},
	Year = {2010},
	Bdsk-Url-1 = {http://doi.acm.org/10.1145/1871437.1871498},
	Bdsk-Url-2 = {http://dx.doi.org/10.1145/1871437.1871498}}

@inproceedings{Sammons:2010aa,
	Address = {Stroudsburg, PA, USA},
	Author = {Sammons, Mark and Vydiswaran, V G Vinod and Roth, Dan},
	Booktitle = {Proceedings of the 48th Annual Meeting of the Association for Computational Linguistics},
	Date-Modified = {2015-01-16 22:03:16 +0000},
	Pages = {1199--1208},
	Publisher = {Association for Computational Linguistics},
	Series = {ACL '10},
	Title = {{"Ask Not What Textual Entailment Can Do for You..."}},
	Url = {http://dl.acm.org/citation.cfm?id=1858681.1858803},
	Year = {2010},
	Bdsk-Url-1 = {http://dl.acm.org/citation.cfm?id=1858681.1858803}}

@inproceedings{Mehdad:2010aa,
	Address = {Stroudsburg, PA, USA},
	Author = {Mehdad, Yashar and Negri, Matteo and Federico, Marcello},
	Booktitle = {Human Language Technologies: The 2010 Annual Conference of the North American Chapter of the Association for Computational Linguistics},
	Date-Modified = {2015-01-16 22:03:16 +0000},
	Isbn = {1-932432-65-5},
	Keywords = {clqa,mt,nbest},
	Pages = {321--324},
	Publisher = {Association for Computational Linguistics},
	Series = {HLT '10},
	Title = {{Towards Cross-lingual Textual Entailment}},
	Url = {http://dl.acm.org/citation.cfm?id=1857999.1858044},
	Year = {2010},
	Bdsk-Url-1 = {http://dl.acm.org/citation.cfm?id=1857999.1858044}}

@inproceedings{Espla-Gomis:2012aa,
	Address = {Stroudsburg, PA, USA},
	Annote = {MT as black box in order to promote modularity. (they claim multiple MT systems can be used together, altho they do not do that)},
	Author = {Espl\`{a}-Gomis, Miquel and S\'{a}nchez-Mart\'{\i}nez, Felipe and Forcada, Mikel L},
	Booktitle = {Proceedings of the First Joint Conference on Lexical and Computational Semantics - Volume 1: Proceedings of the Main Conference and the Shared Task, and Volume 2: Proceedings of the Sixth International Workshop on Semantic Evaluation},
	Date-Modified = {2015-01-16 22:03:16 +0000},
	Keywords = {clqa,mt},
	Mendeley-Tags = {clqa,mt},
	Pages = {472--476},
	Publisher = {Association for Computational Linguistics},
	Series = {SemEval '12},
	Title = {{UAlacant: Using Online Machine Translation for Cross-lingual Textual Entailment}},
	Url = {http://dl.acm.org/citation.cfm?id=2387636.2387713},
	Year = {2012},
	Bdsk-Url-1 = {http://dl.acm.org/citation.cfm?id=2387636.2387713}}

@inproceedings{Harabagiu:2006aa,
	Address = {Stroudsburg, PA, USA},
	Author = {Harabagiu, Sanda and Hickl, Andrew},
	Booktitle = {Proceedings of the 21st International Conference on Computational Linguistics and the 44th Annual Meeting of the Association for Computational Linguistics},
	Date-Modified = {2015-01-16 22:03:16 +0000},
	Doi = {10.3115/1220175.1220289},
	Keywords = {entailment,opendomain},
	Mendeley-Tags = {entailment,opendomain},
	Pages = {905--912},
	Publisher = {Association for Computational Linguistics},
	Series = {ACL-44},
	Title = {{Methods for Using Textual Entailment in Open-domain Question Answering}},
	Url = {http://dx.doi.org/10.3115/1220175.1220289},
	Year = {2006},
	Bdsk-Url-1 = {http://dx.doi.org/10.3115/1220175.1220289}}

@inproceedings{Bilotti:2007aa,
	Address = {New York, NY, USA},
	Author = {Bilotti, Matthew W and Ogilvie, Paul and Callan, Jamie and Nyberg, Eric},
	Booktitle = {Proceedings of the 30th Annual International ACM SIGIR Conference on Research and Development in Information Retrieval},
	Date-Modified = {2015-01-16 22:03:16 +0000},
	Doi = {10.1145/1277741.1277802},
	Isbn = {978-1-59593-597-7},
	Keywords = {question answering,structure,structured retrieval},
	Mendeley-Tags = {structure},
	Pages = {351--358},
	Publisher = {ACM},
	Series = {SIGIR '07},
	Title = {{Structured Retrieval for Question Answering}},
	Url = {http://doi.acm.org/10.1145/1277741.1277802},
	Year = {2007},
	Bdsk-Url-1 = {http://doi.acm.org/10.1145/1277741.1277802},
	Bdsk-Url-2 = {http://dx.doi.org/10.1145/1277741.1277802}}

@inproceedings{Chaturvedi:2014aa,
	Address = {New York, NY, USA},
	Author = {Chaturvedi, Snigdha and Castelli, Vittorio and Florian, Radu and Nallapati, Ramesh M and Raghavan, Hema},
	Booktitle = {Proceedings of the 23rd International Conference on World Wide Web},
	Date-Modified = {2015-01-16 22:03:16 +0000},
	Doi = {10.1145/2566486.2567999},
	Isbn = {978-1-4503-2744-2},
	Keywords = {clqa,latent variable models,nonfactoid,question answering,question clustering,relevance prediction,semantic},
	Mendeley-Tags = {clqa,nonfactoid,semantic},
	Pages = {503--514},
	Publisher = {ACM},
	Series = {WWW '14},
	Title = {{Joint Question Clustering and Relevance Prediction for Open Domain Non-factoid Question Answering}},
	Url = {http://doi.acm.org/10.1145/2566486.2567999},
	Year = {2014},
	Bdsk-Url-1 = {http://doi.acm.org/10.1145/2566486.2567999},
	Bdsk-Url-2 = {http://dx.doi.org/10.1145/2566486.2567999}}

@inproceedings{Pinto:2002aa,
	Address = {New York, NY, USA},
	Author = {Pinto, David and Branstein, Michael and Coleman, Ryan and Croft, W Bruce and King, Matthew and Li, Wei and Wei, Xing},
	Booktitle = {Proceedings of the 2Nd ACM/IEEE-CS Joint Conference on Digital Libraries},
	Date-Modified = {2015-01-16 22:03:16 +0000},
	Doi = {10.1145/544220.544228},
	Isbn = {1-58113-513-0},
	Keywords = {content documents,language model,metadata,question answering,question classification,semi-structured,structure,tables},
	Mendeley-Tags = {structure},
	Pages = {46--55},
	Publisher = {ACM},
	Series = {JCDL '02},
	Title = {{QuASM: A System for Question Answering Using Semi-structured Data}},
	Url = {http://doi.acm.org/10.1145/544220.544228},
	Year = {2002},
	Bdsk-Url-1 = {http://doi.acm.org/10.1145/544220.544228},
	Bdsk-Url-2 = {http://dx.doi.org/10.1145/544220.544228}}
